% Encoding: UTF-8

@Article{DBLP:journals/iacr/AbeHO10,
  author    = {Masayuki Abe and Kristiyan Haralambiev and Miyako Ohkubo},
  title     = {Signing on Elements in Bilinear Groups for Modular Protocol Design},
  journal   = {{IACR} Cryptology ePrint Archive},
  year      = {2010},
  volume    = {2010},
  pages     = {133},
  bibsource = {dblp computer science bibliography, http://dblp.org},
  biburl    = {http://dblp.uni-trier.de/rec/bib/journals/iacr/AbeHO10},
  timestamp = {Mon, 05 Dec 2011 18:05:46 +0100},
  url       = {http://eprint.iacr.org/2010/133},
}



@inproceedings{DBLP:conf/eurocrypt/BellareKPW12,
  author    = {Mihir Bellare and
               Eike Kiltz and
               Chris Peikert and
               Brent Waters},
  editor    = {David Pointcheval and
               Thomas Johansson},
  title     = {Identity-Based (Lossy) Trapdoor Functions and Applications},
  booktitle = {Advances in Cryptology - {EUROCRYPT} 2012 - 31st Annual International
               Conference on the Theory and Applications of Cryptographic Techniques,
               Cambridge, UK, April 15-19, 2012. Proceedings},
  series    = {Lecture Notes in Computer Science},
  volume    = {7237},
  pages     = {228--245},
  publisher = {Springer},
  year      = {2012},
  url       = {http://dx.doi.org/10.1007/978-3-642-29011-4_15},
  doi       = {10.1007/978-3-642-29011-4_15},
  timestamp = {Mon, 18 Jan 2016 17:00:14 +0100},
  biburl    = {http://dblp.uni-trier.de/rec/bib/conf/eurocrypt/BellareKPW12},
  bibsource = {dblp computer science bibliography, http://dblp.org}
}



@inproceedings{DBLP:conf/crypto/DodisMS16,
  author    = {Yevgeniy Dodis and
               Ilya Mironov and
               Noah Stephens{-}Davidowitz},
  editor    = {Matthew Robshaw and
               Jonathan Katz},
  title     = {Message Transmission with Reverse Firewalls - Secure Communication
               on Corrupted Machines},
  booktitle = {Advances in Cryptology - {CRYPTO} 2016 - 36th Annual International
               Cryptology Conference, Santa Barbara, CA, USA, August 14-18, 2016,
               Proceedings, Part {I}},
  series    = {Lecture Notes in Computer Science},
  volume    = {9814},
  pages     = {341--372},
  publisher = {Springer},
  year      = {2016},
  url       = {http://dx.doi.org/10.1007/978-3-662-53018-4_13},
  doi       = {10.1007/978-3-662-53018-4_13},
  timestamp = {Wed, 27 Jul 2016 12:46:24 +0200},
  biburl    = {http://dblp.uni-trier.de/rec/bib/conf/crypto/DodisMS16},
  bibsource = {dblp computer science bibliography, http://dblp.org}
}




@inproceedings{DBLP:conf/eurocrypt/ChaseKLM12,
  author    = {Melissa Chase and
               Markulf Kohlweiss and
               Anna Lysyanskaya and
               Sarah Meiklejohn},
  editor    = {David Pointcheval and
               Thomas Johansson},
  title     = {Malleable Proof Systems and Applications},
  booktitle = {Advances in Cryptology - {EUROCRYPT} 2012 - 31st Annual International
               Conference on the Theory and Applications of Cryptographic Techniques,
               Cambridge, UK, April 15-19, 2012. Proceedings},
  series    = {Lecture Notes in Computer Science},
  volume    = {7237},
  pages     = {281--300},
  publisher = {Springer},
  year      = {2012},
  url       = {http://dx.doi.org/10.1007/978-3-642-29011-4_18},
  doi       = {10.1007/978-3-642-29011-4_18},
  timestamp = {Mon, 18 Jan 2016 17:00:14 +0100},
  biburl    = {http://dblp.uni-trier.de/rec/bib/conf/eurocrypt/ChaseKLM12},
  bibsource = {dblp computer science bibliography, http://dblp.org}
}



@inproceedings{DBLP:conf/pkc/BlazyFPV11,
  author    = {Olivier Blazy and
               Georg Fuchsbauer and
               David Pointcheval and
               Damien Vergnaud},
  editor    = {Dario Catalano and
               Nelly Fazio and
               Rosario Gennaro and
               Antonio Nicolosi},
  title     = {Signatures on Randomizable Ciphertexts},
  booktitle = {Public Key Cryptography - {PKC} 2011 - 14th International Conference
               on Practice and Theory in Public Key Cryptography, Taormina, Italy,
               March 6-9, 2011. Proceedings},
  series    = {Lecture Notes in Computer Science},
  volume    = {6571},
  pages     = {403--422},
  publisher = {Springer},
  year      = {2011},
  url       = {http://dx.doi.org/10.1007/978-3-642-19379-8_25},
  doi       = {10.1007/978-3-642-19379-8_25},
  timestamp = {Thu, 03 Mar 2011 13:00:02 +0100},
  biburl    = {http://dblp.uni-trier.de/rec/bib/conf/pkc/BlazyFPV11},
  bibsource = {dblp computer science bibliography, http://dblp.org}
}


@inproceedings{DBLP:conf/eurocrypt/AbeKOT15,
  author    = {Masayuki Abe and
               Markulf Kohlweiss and
               Miyako Ohkubo and
               Mehdi Tibouchi},
  editor    = {Elisabeth Oswald and
               Marc Fischlin},
  title     = {Fully Structure-Preserving Signatures and Shrinking Commitments},
  booktitle = {Advances in Cryptology - {EUROCRYPT} 2015 - 34th Annual International
               Conference on the Theory and Applications of Cryptographic Techniques,
               Sofia, Bulgaria, April 26-30, 2015, Proceedings, Part {II}},
  series    = {Lecture Notes in Computer Science},
  volume    = {9057},
  pages     = {35--65},
  publisher = {Springer},
  year      = {2015},
  url       = {http://dx.doi.org/10.1007/978-3-662-46803-6_2},
  doi       = {10.1007/978-3-662-46803-6_2},
  timestamp = {Tue, 14 Apr 2015 13:59:22 +0200},
  biburl    = {http://dblp.uni-trier.de/rec/bib/conf/eurocrypt/AbeKOT15},
  bibsource = {dblp computer science bibliography, http://dblp.org}
}



@inproceedings{DBLP:conf/crypto/LibertPJY13,
  author    = {Beno{\^{\i}}t Libert and
               Thomas Peters and
               Marc Joye and
               Moti Yung},
  editor    = {Ran Canetti and
               Juan A. Garay},
  title     = {Linearly Homomorphic Structure-Preserving Signatures and Their Applications},
  booktitle = {Advances in Cryptology - {CRYPTO} 2013 - 33rd Annual Cryptology Conference,
               Santa Barbara, CA, USA, August 18-22, 2013. Proceedings, Part {II}},
  series    = {Lecture Notes in Computer Science},
  volume    = {8043},
  pages     = {289--307},
  publisher = {Springer},
  year      = {2013},
  url       = {http://dx.doi.org/10.1007/978-3-642-40084-1_17},
  doi       = {10.1007/978-3-642-40084-1_17},
  timestamp = {Wed, 21 Aug 2013 17:36:07 +0200},
  biburl    = {http://dblp.uni-trier.de/rec/bib/conf/crypto/LibertPJY13},
  bibsource = {dblp computer science bibliography, http://dblp.org}
}





@inproceedings{DBLP:conf/crypto/PrabhakaranR07,
  author    = {Manoj Prabhakaran and
               Mike Rosulek},
  editor    = {Alfred Menezes},
  title     = {Rerandomizable {RCCA} Encryption},
  booktitle = {Advances in Cryptology - {CRYPTO} 2007, 27th Annual International
               Cryptology Conference, Santa Barbara, CA, USA, August 19-23, 2007,
               Proceedings},
  series    = {Lecture Notes in Computer Science},
  volume    = {4622},
  pages     = {517--534},
  publisher = {Springer},
  year      = {2007},
  url       = {http://dx.doi.org/10.1007/978-3-540-74143-5_29},
  doi       = {10.1007/978-3-540-74143-5_29},
  timestamp = {Mon, 07 Apr 2008 09:02:11 +0200},
  biburl    = {http://dblp.uni-trier.de/rec/bib/conf/crypto/PrabhakaranR07},
  bibsource = {dblp computer science bibliography, http://dblp.org}
}



@inproceedings{DBLP:conf/ctrsa/GolleJJS04,
  author    = {Philippe Golle and
               Markus Jakobsson and
               Ari Juels and
               Paul F. Syverson},
  editor    = {Tatsuaki Okamoto},
  title     = {Universal Re-encryption for Mixnets},
  booktitle = {Topics in Cryptology - {CT-RSA} 2004, The Cryptographers' Track at
               the {RSA} Conference 2004, San Francisco, CA, USA, February 23-27,
               2004, Proceedings},
  series    = {Lecture Notes in Computer Science},
  volume    = {2964},
  pages     = {163--178},
  publisher = {Springer},
  year      = {2004},
  url       = {http://dx.doi.org/10.1007/978-3-540-24660-2_14},
  doi       = {10.1007/978-3-540-24660-2_14},
  timestamp = {Wed, 06 Jul 2011 21:21:33 +0200},
  biburl    = {http://dblp.uni-trier.de/rec/bib/conf/ctrsa/GolleJJS04},
  bibsource = {dblp computer science bibliography, http://dblp.org}
}



@inproceedings{DBLP:conf/pkc/AbeDKNO13,
  author    = {Masayuki Abe and
               Bernardo David and
               Markulf Kohlweiss and
               Ryo Nishimaki and
               Miyako Ohkubo},
  editor    = {Kaoru Kurosawa and
               Goichiro Hanaoka},
  title     = {Tagged One-Time Signatures: Tight Security and Optimal Tag Size},
  booktitle = {Public-Key Cryptography - {PKC} 2013 - 16th International Conference
               on Practice and Theory in Public-Key Cryptography, Nara, Japan, February
               26 - March 1, 2013. Proceedings},
  series    = {Lecture Notes in Computer Science},
  volume    = {7778},
  pages     = {312--331},
  publisher = {Springer},
  year      = {2013},
  url       = {http://dx.doi.org/10.1007/978-3-642-36362-7_20},
  doi       = {10.1007/978-3-642-36362-7_20},
  timestamp = {Tue, 05 Feb 2013 13:29:13 +0100},
  biburl    = {http://dblp.uni-trier.de/rec/bib/conf/pkc/AbeDKNO13},
  bibsource = {dblp computer science bibliography, http://dblp.org}
}


@inproceedings{DBLP:conf/tcc/LibertY12,
  author    = {Beno{\^{\i}}t Libert and
               Moti Yung},
  editor    = {Ronald Cramer},
  title     = {Non-interactive CCA-Secure Threshold Cryptosystems with Adaptive Security:
               New Framework and Constructions},
  booktitle = {Theory of Cryptography - 9th Theory of Cryptography Conference, {TCC}
               2012, Taormina, Sicily, Italy, March 19-21, 2012. Proceedings},
  series    = {Lecture Notes in Computer Science},
  volume    = {7194},
  pages     = {75--93},
  publisher = {Springer},
  year      = {2012},
  url       = {http://dx.doi.org/10.1007/978-3-642-28914-9_5},
  doi       = {10.1007/978-3-642-28914-9_5},
  timestamp = {Mon, 05 Mar 2012 21:00:17 +0100},
  biburl    = {http://dblp.uni-trier.de/rec/bib/conf/tcc/LibertY12},
  bibsource = {dblp computer science bibliography, http://dblp.org}
}

@article{DBLP:journals/eccc/GrothS07,
  author    = {Jens Groth and
               Amit Sahai},
  title     = {Efficient Non-interactive Proof Systems for Bilinear Groups},
  journal   = {Electronic Colloquium on Computational Complexity {(ECCC)}},
  volume    = {14},
  number    = {053},
  year      = {2007},
  url       = {http://eccc.hpi-web.de/eccc-reports/2007/TR07-053/index.html},
  timestamp = {Wed, 07 Dec 2011 17:05:31 +0100},
  biburl    = {http://dblp.uni-trier.de/rec/bib/journals/eccc/GrothS07},
  bibsource = {dblp computer science bibliography, http://dblp.org}
}




@inproceedings{DBLP:conf/crypto/BonehBS04,
  author    = {Dan Boneh and
               Xavier Boyen and
               Hovav Shacham},
  editor    = {Matthew K. Franklin},
  title     = {Short Group Signatures},
  booktitle = {Advances in Cryptology - {CRYPTO} 2004, 24th Annual International
               CryptologyConference, Santa Barbara, California, USA, August 15-19,
               2004, Proceedings},
  series    = {Lecture Notes in Computer Science},
  volume    = {3152},
  pages     = {41--55},
  publisher = {Springer},
  year      = {2004},
  url       = {http://dx.doi.org/10.1007/978-3-540-28628-8_3},
  doi       = {10.1007/978-3-540-28628-8_3},
  timestamp = {Thu, 07 Jul 2011 15:50:00 +0200},
  biburl    = {http://dblp.uni-trier.de/rec/bib/conf/crypto/BonehBS04},
  bibsource = {dblp computer science bibliography, http://dblp.org}
}



@inproceedings{DBLP:conf/crypto/AbeFGHO10,
  author    = {Masayuki Abe and
               Georg Fuchsbauer and
               Jens Groth and
               Kristiyan Haralambiev and
               Miyako Ohkubo},
  editor    = {Tal Rabin},
  title     = {Structure-Preserving Signatures and Commitments to Group Elements},
  booktitle = {Advances in Cryptology - {CRYPTO} 2010, 30th Annual Cryptology Conference,
               Santa Barbara, CA, USA, August 15-19, 2010. Proceedings},
  series    = {Lecture Notes in Computer Science},
  volume    = {6223},
  pages     = {209--236},
  publisher = {Springer},
  year      = {2010},
  url       = {http://dx.doi.org/10.1007/978-3-642-14623-7_12},
  doi       = {10.1007/978-3-642-14623-7_12},
  timestamp = {Tue, 17 Aug 2010 15:09:53 +0200},
  biburl    = {http://dblp.uni-trier.de/rec/bib/conf/crypto/AbeFGHO10},
  bibsource = {dblp computer science bibliography, http://dblp.org}
}





@inproceedings{DBLP:conf/asiacrypt/AbeCDKNO12,
  author    = {Masayuki Abe and
               Melissa Chase and
               Bernardo David and
               Markulf Kohlweiss and
               Ryo Nishimaki and
               Miyako Ohkubo},
  editor    = {Xiaoyun Wang and
               Kazue Sako},
  title     = {Constant-Size Structure-Preserving Signatures: Generic Constructions
               and Simple Assumptions},
  booktitle = {Advances in Cryptology - {ASIACRYPT} 2012 - 18th International Conference
               on the Theory and Application of Cryptology and Information Security,
               Beijing, China, December 2-6, 2012. Proceedings},
  series    = {Lecture Notes in Computer Science},
  volume    = {7658},
  pages     = {4--24},
  publisher = {Springer},
  year      = {2012},
  url       = {http://dx.doi.org/10.1007/978-3-642-34961-4_3},
  doi       = {10.1007/978-3-642-34961-4_3},
  timestamp = {Tue, 20 Nov 2012 14:23:13 +0100},
  biburl    = {http://dblp.uni-trier.de/rec/bib/conf/asiacrypt/AbeCDKNO12},
  bibsource = {dblp computer science bibliography, http://dblp.org}
}


@inproceedings{DBLP:conf/pkc/BellareS07,
  author    = {Mihir Bellare and
               Sarah Shoup},
  editor    = {Tatsuaki Okamoto and
               Xiaoyun Wang},
  title     = {Two-Tier Signatures, Strongly Unforgeable Signatures, and Fiat-Shamir
               Without Random Oracles},
  booktitle = {Public Key Cryptography - {PKC} 2007, 10th International Conference
               on Practice and Theory in Public-Key Cryptography, Beijing, China,
               April 16-20, 2007, Proceedings},
  series    = {Lecture Notes in Computer Science},
  volume    = {4450},
  pages     = {201--216},
  publisher = {Springer},
  year      = {2007},
  url       = {http://dx.doi.org/10.1007/978-3-540-71677-8_14},
  doi       = {10.1007/978-3-540-71677-8_14},
  timestamp = {Tue, 03 Jul 2007 13:03:30 +0200},
  biburl    = {http://dblp.uni-trier.de/rec/bib/conf/pkc/BellareS07},
  bibsource = {dblp computer science bibliography, http://dblp.org}
}



@inproceedings{DBLP:conf/eurocrypt/AbdallaFLT12,
  author    = {Michel Abdalla and
               Pierre{-}Alain Fouque and
               Vadim Lyubashevsky and
               Mehdi Tibouchi},
  editor    = {David Pointcheval and
               Thomas Johansson},
  title     = {Tightly-Secure Signatures from Lossy Identification Schemes},
  booktitle = {Advances in Cryptology - {EUROCRYPT} 2012 - 31st Annual International
               Conference on the Theory and Applications of Cryptographic Techniques,
               Cambridge, UK, April 15-19, 2012. Proceedings},
  series    = {Lecture Notes in Computer Science},
  volume    = {7237},
  pages     = {572--590},
  publisher = {Springer},
  year      = {2012},
  url       = {http://dx.doi.org/10.1007/978-3-642-29011-4_34},
  doi       = {10.1007/978-3-642-29011-4_34},
  timestamp = {Mon, 18 Jan 2016 17:00:14 +0100},
  biburl    = {http://dblp.uni-trier.de/rec/bib/conf/eurocrypt/AbdallaFLT12},
  bibsource = {dblp computer science bibliography, http://dblp.org}
}




@inproceedings{DBLP:conf/eurocrypt/BellareBM00,
  author    = {Mihir Bellare and
               Alexandra Boldyreva and
               Silvio Micali},
  editor    = {Bart Preneel},
  title     = {Public-Key Encryption in a Multi-user Setting: Security Proofs and
               Improvements},
  booktitle = {Advances in Cryptology - {EUROCRYPT} 2000, International Conference
               on the Theory and Application of Cryptographic Techniques, Bruges,
               Belgium, May 14-18, 2000, Proceeding},
  series    = {Lecture Notes in Computer Science},
  volume    = {1807},
  pages     = {259--274},
  publisher = {Springer},
  year      = {2000},
  url       = {http://dx.doi.org/10.1007/3-540-45539-6_18},
  doi       = {10.1007/3-540-45539-6_18},
  timestamp = {Tue, 21 Jun 2011 16:39:41 +0200},
  biburl    = {http://dblp.uni-trier.de/rec/bib/conf/eurocrypt/BellareBM00},
  bibsource = {dblp computer science bibliography, http://dblp.org}
}



@inproceedings{DBLP:conf/eurocrypt/BellareR09,
  author    = {Mihir Bellare and
               Thomas Ristenpart},
  editor    = {Antoine Joux},
  title     = {Simulation without the Artificial Abort: Simplified Proof and Improved
               Concrete Security for Waters' {IBE} Scheme},
  booktitle = {Advances in Cryptology - {EUROCRYPT} 2009, 28th Annual International
               Conference on the Theory and Applications of Cryptographic Techniques,
               Cologne, Germany, April 26-30, 2009. Proceedings},
  series    = {Lecture Notes in Computer Science},
  volume    = {5479},
  pages     = {407--424},
  publisher = {Springer},
  year      = {2009},
  url       = {http://dx.doi.org/10.1007/978-3-642-01001-9_24},
  doi       = {10.1007/978-3-642-01001-9_24},
  timestamp = {Thu, 23 Apr 2009 15:09:22 +0200},
  biburl    = {http://dblp.uni-trier.de/rec/bib/conf/eurocrypt/BellareR09},
  bibsource = {dblp computer science bibliography, http://dblp.org}
}





@inproceedings{DBLP:conf/ccs/BellareR93,
  author    = {Mihir Bellare and
               Phillip Rogaway},
  editor    = {Dorothy E. Denning and
               Raymond Pyle and
               Ravi Ganesan and
               Ravi S. Sandhu and
               Victoria Ashby},
  title     = {Random Oracles are Practical: {A} Paradigm for Designing Efficient
               Protocols},
  booktitle = {{CCS} '93, Proceedings of the 1st {ACM} Conference on Computer and
               Communications Security, Fairfax, Virginia, USA, November 3-5, 1993.},
  pages     = {62--73},
  publisher = {{ACM}},
  year      = {1993},
  url       = {http://doi.acm.org/10.1145/168588.168596},
  doi       = {10.1145/168588.168596},
  timestamp = {Fri, 23 Dec 2011 14:54:25 +0100},
  biburl    = {http://dblp.uni-trier.de/rec/bib/conf/ccs/BellareR93},
  bibsource = {dblp computer science bibliography, http://dblp.org}
}

@inproceedings{DBLP:conf/crypto/BlazyKP14,
  author    = {Olivier Blazy and
               Eike Kiltz and
               Jiaxin Pan},
  editor    = {Juan A. Garay and
               Rosario Gennaro},
  title     = {(Hierarchical) Identity-Based Encryption from Affine Message Authentication},
  booktitle = {Advances in Cryptology - {CRYPTO} 2014 - 34th Annual Cryptology Conference,
               Santa Barbara, CA, USA, August 17-21, 2014, Proceedings, Part {I}},
  series    = {Lecture Notes in Computer Science},
  volume    = {8616},
  pages     = {408--425},
  publisher = {Springer},
  year      = {2014},
  url       = {http://dx.doi.org/10.1007/978-3-662-44371-2_23},
  doi       = {10.1007/978-3-662-44371-2_23},
  timestamp = {Tue, 15 Jul 2014 12:36:57 +0200},
  biburl    = {http://dblp.uni-trier.de/rec/bib/conf/crypto/BlazyKP14},
  bibsource = {dblp computer science bibliography, http://dblp.org}
}

@inproceedings{DBLP:conf/eurocrypt/BohlHJKSS13,
  author    = {Florian B{\"{o}}hl and
               Dennis Hofheinz and
               Tibor Jager and
               Jessica Koch and
               Jae Hong Seo and
               Christoph Striecks},
  editor    = {Thomas Johansson and
               Phong Q. Nguyen},
  title     = {Practical Signatures from Standard Assumptions},
  booktitle = {Advances in Cryptology - {EUROCRYPT} 2013, 32nd Annual International
               Conference on the Theory and Applications of Cryptographic Techniques,
               Athens, Greece, May 26-30, 2013. Proceedings},
  series    = {Lecture Notes in Computer Science},
  volume    = {7881},
  pages     = {461--485},
  publisher = {Springer},
  year      = {2013},
  url       = {http://dx.doi.org/10.1007/978-3-642-38348-9_28},
  doi       = {10.1007/978-3-642-38348-9_28},
  timestamp = {Mon, 18 Jan 2016 17:00:14 +0100},
  biburl    = {http://dblp.uni-trier.de/rec/bib/conf/eurocrypt/BohlHJKSS13},
  bibsource = {dblp computer science bibliography, http://dblp.org}
}




@inproceedings{DBLP:conf/pkc/Boldyreva03,
  author    = {Alexandra Boldyreva},
  editor    = {Yvo Desmedt},
  title     = {Threshold Signatures, Multisignatures and Blind Signatures Based on
               the Gap-Diffie-Hellman-Group Signature Scheme},
  booktitle = {Public Key Cryptography - {PKC} 2003, 6th International Workshop on
               Theory and Practice in Public Key Cryptography, Miami, FL, USA, January
               6-8, 2003, Proceedings},
  series    = {Lecture Notes in Computer Science},
  volume    = {2567},
  pages     = {31--46},
  publisher = {Springer},
  year      = {2003},
  url       = {http://dx.doi.org/10.1007/3-540-36288-6_3},
  doi       = {10.1007/3-540-36288-6_3},
  timestamp = {Mon, 04 Jul 2011 09:38:39 +0200},
  biburl    = {http://dblp.uni-trier.de/rec/bib/conf/pkc/Boldyreva03},
  bibsource = {dblp computer science bibliography, http://dblp.org}
}


@inproceedings{DBLP:conf/pkc/BonehSW06,
  author    = {Dan Boneh and
               Emily Shen and
               Brent Waters},
  editor    = {Moti Yung and
               Yevgeniy Dodis and
               Aggelos Kiayias and
               Tal Malkin},
  title     = {Strongly Unforgeable Signatures Based on Computational Diffie-Hellman},
  booktitle = {Public Key Cryptography - {PKC} 2006, 9th International Conference
               on Theory and Practice of Public-Key Cryptography, New York, NY, USA,
               April 24-26, 2006, Proceedings},
  series    = {Lecture Notes in Computer Science},
  volume    = {3958},
  pages     = {229--240},
  publisher = {Springer},
  year      = {2006},
  url       = {http://dx.doi.org/10.1007/11745853_15},
  doi       = {10.1007/11745853_15},
  timestamp = {Thu, 20 Apr 2006 08:44:22 +0200},
  biburl    = {http://dblp.uni-trier.de/rec/bib/conf/pkc/BonehSW06},
  bibsource = {dblp computer science bibliography, http://dblp.org}
}

@inproceedings{DBLP:conf/eurocrypt/CamenischCS09,
  author    = {Jan Camenisch and
               Nishanth Chandran and
               Victor Shoup},
  editor    = {Antoine Joux},
  title     = {A Public Key Encryption Scheme Secure against Key Dependent Chosen
               Plaintext and Adaptive Chosen Ciphertext Attacks},
  booktitle = {Advances in Cryptology - {EUROCRYPT} 2009, 28th Annual International
               Conference on the Theory and Applications of Cryptographic Techniques,
               Cologne, Germany, April 26-30, 2009. Proceedings},
  series    = {Lecture Notes in Computer Science},
  volume    = {5479},
  pages     = {351--368},
  publisher = {Springer},
  year      = {2009},
  url       = {http://dx.doi.org/10.1007/978-3-642-01001-9_20},
  doi       = {10.1007/978-3-642-01001-9_20},
  timestamp = {Thu, 23 Apr 2009 15:09:22 +0200},
  biburl    = {http://dblp.uni-trier.de/rec/bib/conf/eurocrypt/CamenischCS09},
  bibsource = {dblp computer science bibliography, http://dblp.org}
}



@inproceedings{DBLP:conf/asiacrypt/CathaloLY09,
  author    = {Julien Cathalo and
               Beno{\^{\i}}t Libert and
               Moti Yung},
  editor    = {Mitsuru Matsui},
  title     = {Group Encryption: Non-interactive Realization in the Standard Model},
  booktitle = {Advances in Cryptology - {ASIACRYPT} 2009, 15th International Conference
               on the Theory and Application of Cryptology and Information Security,
               Tokyo, Japan, December 6-10, 2009. Proceedings},
  series    = {Lecture Notes in Computer Science},
  volume    = {5912},
  pages     = {179--196},
  publisher = {Springer},
  year      = {2009},
  url       = {http://dx.doi.org/10.1007/978-3-642-10366-7_11},
  doi       = {10.1007/978-3-642-10366-7_11},
  timestamp = {Mon, 07 Dec 2009 19:04:46 +0100},
  biburl    = {http://dblp.uni-trier.de/rec/bib/conf/asiacrypt/CathaloLY09},
  bibsource = {dblp computer science bibliography, http://dblp.org}
}


@inproceedings{DBLP:conf/pairing/ChenLLWW12,
  author    = {Jie Chen and
               Hoon Wei Lim and
               San Ling and
               Huaxiong Wang and
               Hoeteck Wee},
  editor    = {Michel Abdalla and
               Tanja Lange},
  title     = {Shorter {IBE} and Signatures via Asymmetric Pairings},
  booktitle = {Pairing-Based Cryptography - Pairing 2012 - 5th International Conference,
               Cologne, Germany, May 16-18, 2012, Revised Selected Papers},
  series    = {Lecture Notes in Computer Science},
  volume    = {7708},
  pages     = {122--140},
  publisher = {Springer},
  year      = {2012},
  url       = {http://dx.doi.org/10.1007/978-3-642-36334-4_8},
  doi       = {10.1007/978-3-642-36334-4_8},
  timestamp = {Mon, 09 Nov 2015 10:17:20 +0100},
  biburl    = {http://dblp.uni-trier.de/rec/bib/conf/pairing/ChenLLWW12},
  bibsource = {dblp computer science bibliography, http://dblp.org}
}

@inproceedings{DBLP:conf/crypto/Chevallier-Mames05,
  author    = {Beno{\^{\i}}t Chevallier{-}Mames},
  editor    = {Victor Shoup},
  title     = {An Efficient CDH-Based Signature Scheme with a Tight Security Reduction},
  booktitle = {Advances in Cryptology - {CRYPTO} 2005: 25th Annual International
               Cryptology Conference, Santa Barbara, California, USA, August 14-18,
               2005, Proceedings},
  series    = {Lecture Notes in Computer Science},
  volume    = {3621},
  pages     = {511--526},
  publisher = {Springer},
  year      = {2005},
  url       = {http://dx.doi.org/10.1007/11535218_31},
  doi       = {10.1007/11535218_31},
  timestamp = {Fri, 04 Nov 2005 09:54:52 +0100},
  biburl    = {http://dblp.uni-trier.de/rec/bib/conf/crypto/Chevallier-Mames05},
  bibsource = {dblp computer science bibliography, http://dblp.org}
}

@inproceedings{DBLP:conf/ctrsa/Chevallier-MamesJ07,
  author    = {Beno{\^{\i}}t Chevallier{-}Mames and
               Marc Joye},
  editor    = {Masayuki Abe},
  title     = {A Practical and Tightly Secure Signature Scheme Without Hash Function},
  booktitle = {Topics in Cryptology - {CT-RSA} 2007, The Cryptographers' Track at
               the {RSA} Conference 2007, San Francisco, CA, USA, February 5-9, 2007,
               Proceedings},
  series    = {Lecture Notes in Computer Science},
  volume    = {4377},
  pages     = {339--356},
  publisher = {Springer},
  year      = {2007},
  url       = {http://dx.doi.org/10.1007/11967668_22},
  doi       = {10.1007/11967668_22},
  timestamp = {Thu, 05 Mar 2015 17:21:33 +0100},
  biburl    = {http://dblp.uni-trier.de/rec/bib/conf/ctrsa/Chevallier-MamesJ07},
  bibsource = {dblp computer science bibliography, http://dblp.org}
}

@inproceedings{DBLP:conf/eurocrypt/Coron02,
  author    = {Jean{-}S{\'{e}}bastien Coron},
  editor    = {Lars R. Knudsen},
  title     = {Optimal Security Proofs for {PSS} and Other Signature Schemes},
  booktitle = {Advances in Cryptology - {EUROCRYPT} 2002, International Conference
               on the Theory and Applications of Cryptographic Techniques, Amsterdam,
               The Netherlands, April 28 - May 2, 2002, Proceedings},
  series    = {Lecture Notes in Computer Science},
  volume    = {2332},
  pages     = {272--287},
  publisher = {Springer},
  year      = {2002},
  url       = {http://dx.doi.org/10.1007/3-540-46035-7_18},
  doi       = {10.1007/3-540-46035-7_18},
  timestamp = {Thu, 30 Jun 2011 15:57:43 +0200},
  biburl    = {http://dblp.uni-trier.de/rec/bib/conf/eurocrypt/Coron02},
  bibsource = {dblp computer science bibliography, http://dblp.org}
}

@article{DBLP:journals/dcc/Coron09,
  author    = {Jean{-}S{\'{e}}bastien Coron},
  title     = {A variant of Boneh-Franklin {IBE} with a tight reduction in the random
               oracle model},
  journal   = {Des. Codes Cryptography},
  volume    = {50},
  number    = {1},
  pages     = {115--133},
  year      = {2009},
  url       = {http://dx.doi.org/10.1007/s10623-008-9218-2},
  doi       = {10.1007/s10623-008-9218-2},
  timestamp = {Thu, 07 May 2009 14:06:13 +0200},
  biburl    = {http://dblp.uni-trier.de/rec/bib/journals/dcc/Coron09},
  bibsource = {dblp computer science bibliography, http://dblp.org}
}

@inproceedings{DBLP:conf/crypto/ChenW13,
  author    = {Jie Chen and
               Hoeteck Wee},
  editor    = {Ran Canetti and
               Juan A. Garay},
  title     = {Fully, (Almost) Tightly Secure {IBE} and Dual System Groups},
  booktitle = {Advances in Cryptology - {CRYPTO} 2013 - 33rd Annual Cryptology Conference,
               Santa Barbara, CA, USA, August 18-22, 2013. Proceedings, Part {II}},
  series    = {Lecture Notes in Computer Science},
  volume    = {8043},
  pages     = {435--460},
  publisher = {Springer},
  year      = {2013},
  url       = {http://dx.doi.org/10.1007/978-3-642-40084-1_25},
  doi       = {10.1007/978-3-642-40084-1_25},
  timestamp = {Mon, 09 Nov 2015 10:16:37 +0100},
  biburl    = {http://dblp.uni-trier.de/rec/bib/conf/crypto/ChenW13},
  bibsource = {dblp computer science bibliography, http://dblp.org}
}

@inproceedings{DBLP:conf/crypto/CramerS98,
  author    = {Ronald Cramer and
               Victor Shoup},
  editor    = {Hugo Krawczyk},
  title     = {A Practical Public Key Cryptosystem Provably Secure Against Adaptive
               Chosen Ciphertext Attack},
  booktitle = {Advances in Cryptology - {CRYPTO} '98, 18th Annual International Cryptology
               Conference, Santa Barbara, California, USA, August 23-27, 1998, Proceedings},
  series    = {Lecture Notes in Computer Science},
  volume    = {1462},
  pages     = {13--25},
  publisher = {Springer},
  year      = {1998},
  url       = {http://dx.doi.org/10.1007/BFb0055717},
  doi       = {10.1007/BFb0055717},
  timestamp = {Fri, 18 Sep 2009 12:06:07 +0200},
  biburl    = {http://dblp.uni-trier.de/rec/bib/conf/crypto/CramerS98},
  bibsource = {dblp computer science bibliography, http://dblp.org}
}

@inproceedings{DBLP:conf/asiacrypt/Groth06,
  author    = {Jens Groth},
  editor    = {Xuejia Lai and
               Kefei Chen},
  title     = {Simulation-Sound {NIZK} Proofs for a Practical Language and Constant
               Size Group Signatures},
  booktitle = {Advances in Cryptology - {ASIACRYPT} 2006, 12th International Conference
               on the Theory and Application of Cryptology and Information Security,
               Shanghai, China, December 3-7, 2006, Proceedings},
  series    = {Lecture Notes in Computer Science},
  volume    = {4284},
  pages     = {444--459},
  publisher = {Springer},
  year      = {2006},
  url       = {http://dx.doi.org/10.1007/11935230_29},
  doi       = {10.1007/11935230_29},
  timestamp = {Mon, 20 Nov 2006 14:23:27 +0100},
  biburl    = {http://dblp.uni-trier.de/rec/bib/conf/asiacrypt/Groth06},
  bibsource = {dblp computer science bibliography, http://dblp.org}
}

@inproceedings{DBLP:conf/crypto/HofheinzJ12,
  author    = {Dennis Hofheinz and
               Tibor Jager},
  editor    = {Reihaneh Safavi{-}Naini and
               Ran Canetti},
  title     = {Tightly Secure Signatures and Public-Key Encryption},
  booktitle = {Advances in Cryptology - {CRYPTO} 2012 - 32nd Annual Cryptology Conference,
               Santa Barbara, CA, USA, August 19-23, 2012. Proceedings},
  series    = {Lecture Notes in Computer Science},
  volume    = {7417},
  pages     = {590--607},
  publisher = {Springer},
  year      = {2012},
  url       = {http://dx.doi.org/10.1007/978-3-642-32009-5_35},
  doi       = {10.1007/978-3-642-32009-5_35},
  timestamp = {Mon, 13 Aug 2012 14:03:58 +0200},
  biburl    = {http://dblp.uni-trier.de/rec/bib/conf/crypto/HofheinzJ12},
  bibsource = {dblp computer science bibliography, http://dblp.org}
}

@inproceedings{DBLP:conf/asiacrypt/HofheinzJK11,
  author    = {Dennis Hofheinz and
               Tibor Jager and
               Eike Kiltz},
  editor    = {Dong Hoon Lee and
               Xiaoyun Wang},
  title     = {Short Signatures from Weaker Assumptions},
  booktitle = {Advances in Cryptology - {ASIACRYPT} 2011 - 17th International Conference
               on the Theory and Application of Cryptology and Information Security,
               Seoul, South Korea, December 4-8, 2011. Proceedings},
  series    = {Lecture Notes in Computer Science},
  volume    = {7073},
  pages     = {647--666},
  publisher = {Springer},
  year      = {2011},
  url       = {http://dx.doi.org/10.1007/978-3-642-25385-0_35},
  doi       = {10.1007/978-3-642-25385-0_35},
  timestamp = {Thu, 01 Dec 2011 19:18:19 +0100},
  biburl    = {http://dblp.uni-trier.de/rec/bib/conf/asiacrypt/HofheinzJK11},
  bibsource = {dblp computer science bibliography, http://dblp.org}
}

@inproceedings{DBLP:conf/pkc/HofheinzJK12,
  author    = {Dennis Hofheinz and
               Tibor Jager and
               Edward Knapp},
  editor    = {Marc Fischlin and
               Johannes A. Buchmann and
               Mark Manulis},
  title     = {Waters Signatures with Optimal Security Reduction},
  booktitle = {Public Key Cryptography - {PKC} 2012 - 15th International Conference
               on Practice and Theory in Public Key Cryptography, Darmstadt, Germany,
               May 21-23, 2012. Proceedings},
  series    = {Lecture Notes in Computer Science},
  volume    = {7293},
  pages     = {66--83},
  publisher = {Springer},
  year      = {2012},
  url       = {http://dx.doi.org/10.1007/978-3-642-30057-8_5},
  doi       = {10.1007/978-3-642-30057-8_5},
  timestamp = {Wed, 08 Apr 2015 16:21:37 +0200},
  biburl    = {http://dblp.uni-trier.de/rec/bib/conf/pkc/HofheinzJK12},
  bibsource = {dblp computer science bibliography, http://dblp.org}
}


@inproceedings{DBLP:conf/crypto/HohenbergerW09,
  author    = {Susan Hohenberger and
               Brent Waters},
  editor    = {Shai Halevi},
  title     = {Short and Stateless Signatures from the {RSA} Assumption},
  booktitle = {Advances in Cryptology - {CRYPTO} 2009, 29th Annual International
               Cryptology Conference, Santa Barbara, CA, USA, August 16-20, 2009.
               Proceedings},
  series    = {Lecture Notes in Computer Science},
  volume    = {5677},
  pages     = {654--670},
  publisher = {Springer},
  year      = {2009},
  url       = {http://dx.doi.org/10.1007/978-3-642-03356-8_38},
  doi       = {10.1007/978-3-642-03356-8_38},
  timestamp = {Wed, 07 Oct 2009 17:00:40 +0200},
  biburl    = {http://dblp.uni-trier.de/rec/bib/conf/crypto/HohenbergerW09},
  bibsource = {dblp computer science bibliography, http://dblp.org}
}

@inproceedings{DBLP:conf/asiacrypt/JutlaR13,
  author    = {Charanjit S. Jutla and
               Arnab Roy},
  editor    = {Kazue Sako and
               Palash Sarkar},
  title     = {Shorter Quasi-Adaptive {NIZK} Proofs for Linear Subspaces},
  booktitle = {Advances in Cryptology - {ASIACRYPT} 2013 - 19th International Conference
               on the Theory and Application of Cryptology and Information Security,
               Bengaluru, India, December 1-5, 2013, Proceedings, Part {I}},
  series    = {Lecture Notes in Computer Science},
  volume    = {8269},
  pages     = {1--20},
  publisher = {Springer},
  year      = {2013},
  url       = {http://dx.doi.org/10.1007/978-3-642-42033-7_1},
  doi       = {10.1007/978-3-642-42033-7_1},
  timestamp = {Fri, 20 Mar 2015 14:12:20 +0100},
  biburl    = {http://dblp.uni-trier.de/rec/bib/conf/asiacrypt/JutlaR13},
  bibsource = {dblp computer science bibliography, http://dblp.org}
}

@inproceedings{DBLP:conf/crypto/JutlaR14,
  author    = {Charanjit S. Jutla and
               Arnab Roy},
  editor    = {Juan A. Garay and
               Rosario Gennaro},
  title     = {Switching Lemma for Bilinear Tests and Constant-Size {NIZK} Proofs
               for Linear Subspaces},
  booktitle = {Advances in Cryptology - {CRYPTO} 2014 - 34th Annual Cryptology Conference,
               Santa Barbara, CA, USA, August 17-21, 2014, Proceedings, Part {II}},
  series    = {Lecture Notes in Computer Science},
  volume    = {8617},
  pages     = {295--312},
  publisher = {Springer},
  year      = {2014},
  url       = {http://dx.doi.org/10.1007/978-3-662-44381-1_17},
  doi       = {10.1007/978-3-662-44381-1_17},
  timestamp = {Fri, 20 Mar 2015 14:12:18 +0100},
  biburl    = {http://dblp.uni-trier.de/rec/bib/conf/crypto/JutlaR14},
  bibsource = {dblp computer science bibliography, http://dblp.org}
}

@inproceedings{DBLP:conf/eurocrypt/KakviK12,
  author    = {Saqib A. Kakvi and
               Eike Kiltz},
  editor    = {David Pointcheval and
               Thomas Johansson},
  title     = {Optimal Security Proofs for Full Domain Hash, Revisited},
  booktitle = {Advances in Cryptology - {EUROCRYPT} 2012 - 31st Annual International
               Conference on the Theory and Applications of Cryptographic Techniques,
               Cambridge, UK, April 15-19, 2012. Proceedings},
  series    = {Lecture Notes in Computer Science},
  volume    = {7237},
  pages     = {537--553},
  publisher = {Springer},
  year      = {2012},
  url       = {http://dx.doi.org/10.1007/978-3-642-29011-4_32},
  doi       = {10.1007/978-3-642-29011-4_32},
  timestamp = {Mon, 18 Jan 2016 17:00:14 +0100},
  biburl    = {http://dblp.uni-trier.de/rec/bib/conf/eurocrypt/KakviK12},
  bibsource = {dblp computer science bibliography, http://dblp.org}
}

@inproceedings{DBLP:conf/ccs/KatzW03,
  author    = {Jonathan Katz and
               Nan Wang},
  editor    = {Sushil Jajodia and
               Vijayalakshmi Atluri and
               Trent Jaeger},
  title     = {Efficiency improvements for signature schemes with tight security
               reductions},
  booktitle = {Proceedings of the 10th {ACM} Conference on Computer and Communications
               Security, {CCS} 2003, Washington, DC, USA, October 27-30, 2003},
  pages     = {155--164},
  publisher = {{ACM}},
  year      = {2003},
  url       = {http://doi.acm.org/10.1145/948109.948132},
  doi       = {10.1145/948109.948132},
  timestamp = {Fri, 09 Dec 2011 14:34:06 +0100},
  biburl    = {http://dblp.uni-trier.de/rec/bib/conf/ccs/KatzW03},
  bibsource = {dblp computer science bibliography, http://dblp.org}
}


@inproceedings{DBLP:conf/tcc/LewkoW10,
  author    = {Allison B. Lewko and
               Brent Waters},
  editor    = {Daniele Micciancio},
  title     = {New Techniques for Dual System Encryption and Fully Secure {HIBE}
               with Short Ciphertexts},
  booktitle = {Theory of Cryptography, 7th Theory of Cryptography Conference, {TCC}
               2010, Zurich, Switzerland, February 9-11, 2010. Proceedings},
  series    = {Lecture Notes in Computer Science},
  volume    = {5978},
  pages     = {455--479},
  publisher = {Springer},
  year      = {2010},
  url       = {http://dx.doi.org/10.1007/978-3-642-11799-2_27},
  doi       = {10.1007/978-3-642-11799-2_27},
  timestamp = {Mon, 08 Feb 2010 21:27:09 +0100},
  biburl    = {http://dblp.uni-trier.de/rec/bib/conf/tcc/LewkoW10},
  bibsource = {dblp computer science bibliography, http://dblp.org}
}

@inproceedings{DBLP:conf/crypto/Naor03,
  author    = {Moni Naor},
  editor    = {Dan Boneh},
  title     = {On Cryptographic Assumptions and Challenges},
  booktitle = {Advances in Cryptology - {CRYPTO} 2003, 23rd Annual International
               Cryptology Conference, Santa Barbara, California, USA, August 17-21,
               2003, Proceedings},
  series    = {Lecture Notes in Computer Science},
  volume    = {2729},
  pages     = {96--109},
  publisher = {Springer},
  year      = {2003},
  url       = {http://dx.doi.org/10.1007/978-3-540-45146-4_6},
  doi       = {10.1007/978-3-540-45146-4_6},
  timestamp = {Tue, 05 Jul 2011 11:03:54 +0200},
  biburl    = {http://dblp.uni-trier.de/rec/bib/conf/crypto/Naor03},
  bibsource = {dblp computer science bibliography, http://dblp.org}
}

@inproceedings{DBLP:conf/stoc/NaorY90,
  author    = {Moni Naor and
               Moti Yung},
  editor    = {Harriet Ortiz},
  title     = {Public-key Cryptosystems Provably Secure against Chosen Ciphertext
               Attacks},
  booktitle = {Proceedings of the 22nd Annual {ACM} Symposium on Theory of Computing,
               May 13-17, 1990, Baltimore, Maryland, {USA}},
  pages     = {427--437},
  publisher = {{ACM}},
  year      = {1990},
  url       = {http://doi.acm.org/10.1145/100216.100273},
  doi       = {10.1145/100216.100273},
  timestamp = {Mon, 17 Oct 2011 17:25:06 +0200},
  biburl    = {http://dblp.uni-trier.de/rec/bib/conf/stoc/NaorY90},
  bibsource = {dblp computer science bibliography, http://dblp.org}
}

@inproceedings{DBLP:conf/crypto/RackoffS91,
  author    = {Charles Rackoff and
               Daniel R. Simon},
  editor    = {Joan Feigenbaum},
  title     = {Non-Interactive Zero-Knowledge Proof of Knowledge and Chosen Ciphertext
               Attack},
  booktitle = {Advances in Cryptology - {CRYPTO} '91, 11th Annual International Cryptology
               Conference, Santa Barbara, California, USA, August 11-15, 1991, Proceedings},
  series    = {Lecture Notes in Computer Science},
  volume    = {576},
  pages     = {433--444},
  publisher = {Springer},
  year      = {1991},
  url       = {http://dx.doi.org/10.1007/3-540-46766-1_35},
  doi       = {10.1007/3-540-46766-1_35},
  timestamp = {Fri, 18 Sep 2009 10:05:15 +0200},
  biburl    = {http://dblp.uni-trier.de/rec/bib/conf/crypto/RackoffS91},
  bibsource = {dblp computer science bibliography, http://dblp.org}
}

@inproceedings{DBLP:conf/focs/Sahai99,
  author    = {Amit Sahai},
  title     = {Non-Malleable Non-Interactive Zero Knowledge and Adaptive Chosen-Ciphertext
               Security},
  booktitle = {40th Annual Symposium on Foundations of Computer Science, {FOCS} '99,
               17-18 October, 1999, New York, NY, {USA}},
  pages     = {543--553},
  publisher = {{IEEE} Computer Society},
  year      = {1999},
  url       = {http://dx.doi.org/10.1109/SFFCS.1999.814628},
  doi       = {10.1109/SFFCS.1999.814628},
  timestamp = {Tue, 16 Dec 2014 09:57:23 +0100},
  biburl    = {http://dblp.uni-trier.de/rec/bib/conf/focs/Sahai99},
  bibsource = {dblp computer science bibliography, http://dblp.org}
}


@inproceedings{DBLP:conf/eurocrypt/Schage11,
  author    = {Sven Sch{\"{a}}ge},
  editor    = {Kenneth G. Paterson},
  title     = {Tight Proofs for Signature Schemes without Random Oracles},
  booktitle = {Advances in Cryptology - {EUROCRYPT} 2011 - 30th Annual International
               Conference on the Theory and Applications of Cryptographic Techniques,
               Tallinn, Estonia, May 15-19, 2011. Proceedings},
  series    = {Lecture Notes in Computer Science},
  volume    = {6632},
  pages     = {189--206},
  publisher = {Springer},
  year      = {2011},
  url       = {http://dx.doi.org/10.1007/978-3-642-20465-4_12},
  doi       = {10.1007/978-3-642-20465-4_12},
  timestamp = {Thu, 05 May 2011 18:04:16 +0200},
  biburl    = {http://dblp.uni-trier.de/rec/bib/conf/eurocrypt/Schage11},
  bibsource = {dblp computer science bibliography, http://dblp.org}
}

@inproceedings{DBLP:conf/crypto/Shamir84,
  author    = {Adi Shamir},
  editor    = {G. R. Blakley and
               David Chaum},
  title     = {Identity-Based Cryptosystems and Signature Schemes},
  booktitle = {Advances in Cryptology, Proceedings of {CRYPTO} '84, Santa Barbara,
               California, USA, August 19-22, 1984, Proceedings},
  series    = {Lecture Notes in Computer Science},
  volume    = {196},
  pages     = {47--53},
  publisher = {Springer},
  year      = {1984},
  url       = {http://dx.doi.org/10.1007/3-540-39568-7_5},
  doi       = {10.1007/3-540-39568-7_5},
  timestamp = {Fri, 23 Dec 2011 14:54:25 +0100},
  biburl    = {http://dblp.uni-trier.de/rec/bib/conf/crypto/Shamir84},
  bibsource = {dblp computer science bibliography, http://dblp.org}
}


@inproceedings{DBLP:conf/eurocrypt/Shoup00,
  author    = {Victor Shoup},
  editor    = {Bart Preneel},
  title     = {Practical Threshold Signatures},
  booktitle = {Advances in Cryptology - {EUROCRYPT} 2000, International Conference
               on the Theory and Application of Cryptographic Techniques, Bruges,
               Belgium, May 14-18, 2000, Proceeding},
  series    = {Lecture Notes in Computer Science},
  volume    = {1807},
  pages     = {207--220},
  publisher = {Springer},
  year      = {2000},
  url       = {http://dx.doi.org/10.1007/3-540-45539-6_15},
  doi       = {10.1007/3-540-45539-6_15},
  timestamp = {Tue, 21 Jun 2011 16:39:41 +0200},
  biburl    = {http://dblp.uni-trier.de/rec/bib/conf/eurocrypt/Shoup00},
  bibsource = {dblp computer science bibliography, http://dblp.org}
}



@article{DBLP:journals/iacr/Shoup01,
  author    = {Victor Shoup},
  title     = {A Proposal for an {ISO} Standard for Public Key Encryption},
  journal   = {{IACR} Cryptology ePrint Archive},
  volume    = {2001},
  pages     = {112},
  year      = {2001},
  url       = {http://eprint.iacr.org/2001/112},
  timestamp = {Mon, 23 Jan 2012 13:26:12 +0100},
  biburl    = {http://dblp.uni-trier.de/rec/bib/journals/iacr/Shoup01},
  bibsource = {dblp computer science bibliography, http://dblp.org}
}

@inproceedings{DBLP:conf/eurocrypt/Waters05,
  author    = {Brent Waters},
  editor    = {Ronald Cramer},
  title     = {Efficient Identity-Based Encryption Without Random Oracles},
  booktitle = {Advances in Cryptology - {EUROCRYPT} 2005, 24th Annual International
               Conference on the Theory and Applications of Cryptographic Techniques,
               Aarhus, Denmark, May 22-26, 2005, Proceedings},
  series    = {Lecture Notes in Computer Science},
  volume    = {3494},
  pages     = {114--127},
  publisher = {Springer},
  year      = {2005},
  url       = {http://dx.doi.org/10.1007/11426639_7},
  doi       = {10.1007/11426639_7},
  timestamp = {Fri, 20 May 2005 09:43:18 +0200},
  biburl    = {http://dblp.uni-trier.de/rec/bib/conf/eurocrypt/Waters05},
  bibsource = {dblp computer science bibliography, http://dblp.org}
}

@inproceedings{DBLP:conf/crypto/Waters09,
  author    = {Brent Waters},
  editor    = {Shai Halevi},
  title     = {Dual System Encryption: Realizing Fully Secure {IBE} and {HIBE} under
               Simple Assumptions},
  booktitle = {Advances in Cryptology - {CRYPTO} 2009, 29th Annual International
               Cryptology Conference, Santa Barbara, CA, USA, August 16-20, 2009.
               Proceedings},
  series    = {Lecture Notes in Computer Science},
  volume    = {5677},
  pages     = {619--636},
  publisher = {Springer},
  year      = {2009},
  url       = {http://dx.doi.org/10.1007/978-3-642-03356-8_36},
  doi       = {10.1007/978-3-642-03356-8_36},
  timestamp = {Wed, 07 Oct 2009 17:00:40 +0200},
  biburl    = {http://dblp.uni-trier.de/rec/bib/conf/crypto/Waters09},
  bibsource = {dblp computer science bibliography, http://dblp.org}
}

@inproceedings{DBLP:conf/ctrsa/YamadaHK12,
  author    = {Shota Yamada and
               Goichiro Hanaoka and
               Noboru Kunihiro},
  editor    = {Orr Dunkelman},
  title     = {Two-Dimensional Representation of Cover Free Families and Its Applications:
               Short Signatures and More},
  booktitle = {Topics in Cryptology - {CT-RSA} 2012 - The Cryptographers' Track at
               the {RSA} Conference 2012, San Francisco, CA, USA, February 27 - March
               2, 2012. Proceedings},
  series    = {Lecture Notes in Computer Science},
  volume    = {7178},
  pages     = {260--277},
  publisher = {Springer},
  year      = {2012},
  url       = {http://dx.doi.org/10.1007/978-3-642-27954-6_17},
  doi       = {10.1007/978-3-642-27954-6_17},
  timestamp = {Sun, 04 May 2014 18:46:26 +0200},
  biburl    = {http://dblp.uni-trier.de/rec/bib/conf/ctrsa/YamadaHK12},
  bibsource = {dblp computer science bibliography, http://dblp.org}
}

@inproceedings{DBLP:conf/pkc/YamadaHK12,
  author    = {Shota Yamada and
               Goichiro Hanaoka and
               Noboru Kunihiro},
  editor    = {Marc Fischlin and
               Johannes A. Buchmann and
               Mark Manulis},
  title     = {Space Efficient Signature Schemes from the {RSA} Assumption},
  booktitle = {Public Key Cryptography - {PKC} 2012 - 15th International Conference
               on Practice and Theory in Public Key Cryptography, Darmstadt, Germany,
               May 21-23, 2012. Proceedings},
  series    = {Lecture Notes in Computer Science},
  volume    = {7293},
  pages     = {102--119},
  publisher = {Springer},
  year      = {2012},
  url       = {http://dx.doi.org/10.1007/978-3-642-30057-8_7},
  doi       = {10.1007/978-3-642-30057-8_7},
  timestamp = {Wed, 08 Apr 2015 16:21:37 +0200},
  biburl    = {http://dblp.uni-trier.de/rec/bib/conf/pkc/YamadaHK12},
  bibsource = {dblp computer science bibliography, http://dblp.org}
}

@inproceedings{DBLP:conf/crypto/KiltzPW15,
  author    = {Eike Kiltz and
               Jiaxin Pan and
               Hoeteck Wee},
  editor    = {Rosario Gennaro and
               Matthew Robshaw},
  title     = {Structure-Preserving Signatures from Standard Assumptions, Revisited},
  booktitle = {Advances in Cryptology - {CRYPTO} 2015 - 35th Annual Cryptology Conference,
               Santa Barbara, CA, USA, August 16-20, 2015, Proceedings, Part {II}},
  series    = {Lecture Notes in Computer Science},
  volume    = {9216},
  pages     = {275--295},
  publisher = {Springer},
  year      = {2015},
  url       = {http://dx.doi.org/10.1007/978-3-662-48000-7_14},
  doi       = {10.1007/978-3-662-48000-7_14},
  timestamp = {Mon, 03 Aug 2015 13:32:48 +0200},
  biburl    = {http://dblp.uni-trier.de/rec/bib/conf/crypto/KiltzPW15},
  bibsource = {dblp computer science bibliography, http://dblp.org}
}

@inproceedings{DBLP:conf/crypto/CanettiKN03,
  author    = {Ran Canetti and
               Hugo Krawczyk and
               Jesper Buus Nielsen},
  editor    = {Dan Boneh},
  title     = {Relaxing Chosen-Ciphertext Security},
  booktitle = {Advances in Cryptology - {CRYPTO} 2003, 23rd Annual International
               Cryptology Conference, Santa Barbara, California, USA, August 17-21,
               2003, Proceedings},
  series    = {Lecture Notes in Computer Science},
  volume    = {2729},
  pages     = {565--582},
  publisher = {Springer},
  year      = {2003},
  url       = {http://dx.doi.org/10.1007/978-3-540-45146-4_33},
  doi       = {10.1007/978-3-540-45146-4_33},
  timestamp = {Tue, 05 Jul 2011 11:03:56 +0200},
  biburl    = {http://dblp.uni-trier.de/rec/bib/conf/crypto/CanettiKN03},
  bibsource = {dblp computer science bibliography, http://dblp.org}
}

@inproceedings{DBLP:conf/asiacrypt/GreenH08,
  author    = {Matthew Green and
               Susan Hohenberger},
  editor    = {Josef Pieprzyk},
  title     = {Universally Composable Adaptive Oblivious Transfer},
  booktitle = {Advances in Cryptology - {ASIACRYPT} 2008, 14th International Conference
               on the Theory and Application of Cryptology and Information Security,
               Melbourne, Australia, December 7-11, 2008. Proceedings},
  series    = {Lecture Notes in Computer Science},
  volume    = {5350},
  pages     = {179--197},
  publisher = {Springer},
  year      = {2008},
  url       = {http://dx.doi.org/10.1007/978-3-540-89255-7_12},
  doi       = {10.1007/978-3-540-89255-7_12},
  timestamp = {Thu, 30 Aug 2012 20:54:46 +0200},
  biburl    = {http://dblp.uni-trier.de/rec/bib/conf/asiacrypt/GreenH08},
  bibsource = {dblp computer science bibliography, http://dblp.org}
}

@inproceedings{DBLP:conf/tcc/Groth04,
  author    = {Jens Groth},
  editor    = {Moni Naor},
  title     = {Rerandomizable and Replayable Adaptive Chosen Ciphertext Attack Secure
               Cryptosystems},
  booktitle = {Theory of Cryptography, First Theory of Cryptography Conference, {TCC}
               2004, Cambridge, MA, USA, February 19-21, 2004, Proceedings},
  series    = {Lecture Notes in Computer Science},
  volume    = {2951},
  pages     = {152--170},
  publisher = {Springer},
  year      = {2004},
  url       = {http://dx.doi.org/10.1007/978-3-540-24638-1_9},
  doi       = {10.1007/978-3-540-24638-1_9},
  timestamp = {Wed, 06 Jul 2011 21:21:21 +0200},
  biburl    = {http://dblp.uni-trier.de/rec/bib/conf/tcc/Groth04},
  bibsource = {dblp computer science bibliography, http://dblp.org}
}

@inproceedings{DBLP:conf/dim/AbeCDN13,
  author    = {Masayuki Abe and
               Jan Camenisch and
               Maria Dubovitskaya and
               Ryo Nishimaki},
  editor    = {Thomas Gro{\ss} and
               Marit Hansen},
  title     = {Universally composable adaptive oblivious transfer (with access control)
               from standard assumptions},
  booktitle = {DIM'13, Proceedings of the 2013 {ACM} Workshop on Digital Identity
               Management, Berlin, Germany, November 8, 2013},
  pages     = {1--12},
  publisher = {{ACM}},
  year      = {2013},
  url       = {http://doi.acm.org/10.1145/2517881.2517883},
  doi       = {10.1145/2517881.2517883},
  timestamp = {Mon, 09 Dec 2013 15:52:53 +0100},
  biburl    = {http://dblp.uni-trier.de/rec/bib/conf/dim/AbeCDN13},
  bibsource = {dblp computer science bibliography, http://dblp.org}
}


@inproceedings{DBLP:conf/asiacrypt/Groth06,
  author    = {Jens Groth},
  editor    = {Xuejia Lai and
               Kefei Chen},
  title     = {Simulation-Sound {NIZK} Proofs for a Practical Language and Constant
               Size Group Signatures},
  booktitle = {Advances in Cryptology - {ASIACRYPT} 2006, 12th International Conference
               on the Theory and Application of Cryptology and Information Security,
               Shanghai, China, December 3-7, 2006, Proceedings},
  series    = {Lecture Notes in Computer Science},
  volume    = {4284},
  pages     = {444--459},
  publisher = {Springer},
  year      = {2006},
  url       = {http://dx.doi.org/10.1007/11935230_29},
  doi       = {10.1007/11935230_29},
  timestamp = {Mon, 20 Nov 2006 14:23:27 +0100},
  biburl    = {http://dblp.uni-trier.de/rec/bib/conf/asiacrypt/Groth06},
  bibsource = {dblp computer science bibliography, http://dblp.org}
}


@inproceedings{DBLP:conf/icits/DavidNRT15,
  author    = {Bernardo Machado David and
               Ryo Nishimaki and
               Samuel Ranellucci and
               Alain Tapp},
  editor    = {Anja Lehmann and
               Stefan Wolf},
  title     = {Generalizing Efficient Multiparty Computation},
  booktitle = {Information Theoretic Security - 8th International Conference, {ICITS}
               2015, Lugano, Switzerland, May 2-5, 2015. Proceedings},
  series    = {Lecture Notes in Computer Science},
  volume    = {9063},
  pages     = {15--32},
  publisher = {Springer},
  year      = {2015},
  url       = {http://dx.doi.org/10.1007/978-3-319-17470-9_2},
  doi       = {10.1007/978-3-319-17470-9_2},
  timestamp = {Tue, 07 Apr 2015 15:43:34 +0200},
  biburl    = {http://dblp.uni-trier.de/rec/bib/conf/icits/DavidNRT15},
  bibsource = {dblp computer science bibliography, http://dblp.org}
}

@article{DBLP:journals/iacr/Fuchsbauer09,
  author    = {Georg Fuchsbauer},
  title     = {Automorphic Signatures in Bilinear Groups and an Application to Round-Optimal
               Blind Signatures},
  journal   = {{IACR} Cryptology ePrint Archive},
  volume    = {2009},
  pages     = {320},
  year      = {2009},
  url       = {http://eprint.iacr.org/2009/320},
  timestamp = {Mon, 05 Dec 2011 18:05:44 +0100},
  biburl    = {http://dblp.uni-trier.de/rec/bib/journals/iacr/Fuchsbauer09},
  bibsource = {dblp computer science bibliography, http://dblp.org}
}

@article{DBLP:journals/iacr/BaumDOP16,
  author    = {Carsten Baum and
               Ivan Damg{\aa}rd and
               Sabine Oechsner and
               Chris Peikert},
  title     = {Efficient Commitments and Zero-Knowledge Protocols from Ring-SIS with
               Applications to Lattice-based Threshold Cryptosystems},
  journal   = {{IACR} Cryptology ePrint Archive},
  volume    = {2016},
  pages     = {997},
  year      = {2016},
  url       = {http://eprint.iacr.org/2016/997},
  timestamp = {Wed, 09 Nov 2016 14:18:23 +0100},
  biburl    = {http://dblp.uni-trier.de/rec/bib/journals/iacr/BaumDOP16},
  bibsource = {dblp computer science bibliography, http://dblp.org}
}


@inproceedings{DBLP:conf/tcc/LyubashevskyM08,
  author    = {Vadim Lyubashevsky and
               Daniele Micciancio},
  editor    = {Ran Canetti},
  title     = {Asymptotically Efficient Lattice-Based Digital Signatures},
  booktitle = {Theory of Cryptography, Fifth Theory of Cryptography Conference, {TCC}
               2008, New York, USA, March 19-21, 2008.},
  series    = {Lecture Notes in Computer Science},
  volume    = {4948},
  pages     = {37--54},
  publisher = {Springer},
  year      = {2008},
  url       = {http://dx.doi.org/10.1007/978-3-540-78524-8_3},
  doi       = {10.1007/978-3-540-78524-8_3},
  timestamp = {Thu, 28 Feb 2008 10:50:31 +0100},
  biburl    = {http://dblp.uni-trier.de/rec/bib/conf/tcc/LyubashevskyM08},
  bibsource = {dblp computer science bibliography, http://dblp.org}
}


@inproceedings{DBLP:conf/stoc/Regev05,
  author    = {Oded Regev},
  editor    = {Harold N. Gabow and
               Ronald Fagin},
  title     = {On lattices, learning with errors, random linear codes, and cryptography},
  booktitle = {Proceedings of the 37th Annual {ACM} Symposium on Theory of Computing,
               Baltimore, MD, USA, May 22-24, 2005},
  pages     = {84--93},
  publisher = {{ACM}},
  year      = {2005},
  url       = {http://doi.acm.org/10.1145/1060590.1060603},
  doi       = {10.1145/1060590.1060603},
  timestamp = {Wed, 15 Feb 2006 09:55:49 +0100},
  biburl    = {http://dblp.uni-trier.de/rec/bib/conf/stoc/Regev05},
  bibsource = {dblp computer science bibliography, http://dblp.org}
}


@inproceedings{DBLP:conf/pkc/ChaidosG15,
  author    = {Pyrros Chaidos and
               Jens Groth},
  editor    = {Jonathan Katz},
  title     = {Making Sigma-Protocols Non-interactive Without Random Oracles},
  booktitle = {Public-Key Cryptography - {PKC} 2015 - 18th {IACR} International Conference
               on Practice and Theory in Public-Key Cryptography, Gaithersburg, MD,
               USA, March 30 - April 1, 2015, Proceedings},
  series    = {Lecture Notes in Computer Science},
  volume    = {9020},
  pages     = {650--670},
  publisher = {Springer},
  year      = {2015},
  url       = {http://dx.doi.org/10.1007/978-3-662-46447-2_29},
  doi       = {10.1007/978-3-662-46447-2_29},
  timestamp = {Tue, 17 Mar 2015 14:37:50 +0100},
  biburl    = {http://dblp.uni-trier.de/rec/bib/conf/pkc/ChaidosG15},
  bibsource = {dblp computer science bibliography, http://dblp.org}
}


@Comment{jabref-meta: databaseType:bibtex;}
